<?xml version="1.0" encoding="UTF-8"?><record xmlns="http://www.loc.gov/MARC21/slim" xmlns:cinclude="http://apache.org/cocoon/include/1.0" xmlns:zs="http://www.loc.gov/zing/srw/">
  <leader>00565cz  a2200157n  4500</leader>
  <controlfield tag="001">n  87821548 </controlfield>
  <controlfield tag="003">DLC</controlfield>
  <controlfield tag="005">20080323080110.0</controlfield>
  <controlfield tag="008">870406n| acannaabn          |a aad      </controlfield>
  <datafield tag="010" ind1=" " ind2=" ">
    <subfield code="a">n  87821548 </subfield>
  </datafield>
  <datafield tag="035" ind1=" " ind2=" ">
    <subfield code="a">(OCoLC)oca01826630</subfield>
  </datafield>
  <datafield tag="040" ind1=" " ind2=" ">
    <subfield code="a">DLC</subfield>
    <subfield code="b">eng</subfield>
    <subfield code="c">DLC</subfield>
    <subfield code="d">OCoLC</subfield>
  </datafield>
  <datafield tag="100" ind1="1" ind2=" ">
    <subfield code="a">Castro de Ulloa, Ana Lucila</subfield>
  </datafield>
  <datafield tag="400" ind1="1" ind2=" ">
    <subfield code="a">De Ulloa, Ana Lucila Castro</subfield>
  </datafield>
  <datafield tag="400" ind1="1" ind2=" ">
    <subfield code="a">Ulloa, Ana Lucila Castro de</subfield>
  </datafield>
  <datafield tag="670" ind1=" " ind2=" ">
    <subfield code="a">nuc87-30300: Her De los bienes del estado y especialmente de los bienes ... 1980</subfield>
    <subfield code="b">(hdg. on MH-L rept.: Castro de Ulloa, Ana Lucila; usage: Ana Lucila Castro de Ulloa)</subfield>
  </datafield>
</record>